@article{fanaee:2015:multi.aspect,
	title = {Multi-aspect-streaming tensor analysis},
	journal = {Knowledge-Based Systems},
	volume = {89},
	pages = {332 - 345},
	year = {2015},
	author = {Hadi Fanaee-T and Joao Gama},
	publisher ={Springer}
}

@article{paszke:2019:pytorch,
	title={Pytorch: An imperative style, high-performance deep learning library},
	author={Paszke, Adam and Gross, Sam and Massa, Francisco and Lerer, Adam and Bradbury, James and Chanan, Gregory and Killeen, Trevor and Lin, Zeming and Gimelshein, Natalia and Antiga, Luca and others},
	journal={Advances in neural information processing systems},
	volume={32},
	year={2019}
}

@article{cichocki:2015:tensor,
	title={Tensor decompositions for signal processing applications: From two-way to multiway component analysis},
	author={Cichocki, Andrzej and Mandic, Danilo and De Lathauwer, Lieven and Zhou, Guoxu and Zhao, Qibin and Caiafa, Cesar and Phan, Huy Anh},
	journal={IEEE Signal Processing Magazine},
	volume={32},
	number={2},
	pages={145--163},
	year={2015},
	publisher={IEEE}
}

@article{kossaifi:2019:tensorly,
  author  = {Jean Kossaifi and Yannis Panagakis and Anima Anandkumar and Maja Pantic},
  title   = {TensorLy: Tensor Learning in Python},
  journal = {Journal of Machine Learning Research},
  year    = {2019},
  volume  = {20},
  number  = {26},
  pages   = {1--6}
}

@article{cohen:2022:tensor.computations,
  title={TTV in Tensorly},
  author={Cohen, Jeremy and Bassoy, Cem and Mitchell, Lawrence},
  journal={Tensor Computations: Applications and Optimization},
  year={2022},
  pages={11}
}



@article{karahan:2015:tensor,
	title={Tensor Analysis and Fusion of Multimodal Brain Images},
	author={Karahan, Esin and Rojas-L{\'o}pez, Pedro A and Bringas-Vega, Maria L and Vald{\'e}s-Hern{\'a}ndez, Pedro A and Valdes-Sosa, Pedro A},
	journal={Proceedings of the IEEE},
	volume={103},
	number={9},
	pages={1531--1559},
	year={2015},
	publisher={IEEE}
}


@article{comon:2014:tensors,
	title={Tensors: a brief introduction},
	author={Comon, Pierre},
	journal={IEEE Signal Processing Magazine},
	volume={31},
	number={3},
	pages={44--53},
	year={2014}
}


@article{lahat:2015:fusion,
	author={D. Lahat and T. Adali and C. Jutten},
	journal={Proceedings of the IEEE},
	title={Multimodal Data Fusion: An Overview of Methods, Challenges, and Prospects},
	year={2015},
	volume={103},
	number={9},
	pages={1449-1477}
}

@inproceedings{rogers:2016:efficient,
	author = {Rogers, David M.},
	title = {Efficient Primitives for Standard Tensor Linear Algebra},
	booktitle = {Proceedings of the XSEDE16 Conference on Diversity, Big Data, and Science at Scale},
	series = {XSEDE16},
	year = {2016},
	pages = {14:1--14:7},
	articleno = {14},
	numpages = {7},
	publisher = {ACM},
	address = {New York, NY, USA},
} 

@inproceedings{li:2015:input,
	title={An input-adaptive and in-place approach to dense tensor-times-matrix multiply},
	author={Li, Jiajia and Battaglino, Casey and Perros, Ioakeim and Sun, Jimeng and Vuduc, Richard},
	booktitle={High Performance Computing, Networking, Storage and Analysis, 2015},
	pages={1--12},
	year={2015},
	organization={IEEE}
}


@article{brazell:2013:solving,
	author = {Michael Brazell and Na Li and Carmeliza Navasca and Christino Tamon},
	title = {Solving Multilinear Systems via Tensor Inversion},
	journal = {SIAM Journal on Matrix Analysis and Applications},
	pages = {542-570},
	year = {2013},
}

@article{hackbusch:2014:numerical.tensor.calculus,
	author = {Wolfgang Hackbusch},
	title = {{Numerical tensor calculus}},
	journal = {Acta numerica},
	pages = {651--742},
	year = {2014},
	volume = {23},
	institution = {{Max Planck Institute for Mathematics in the Sciences}},
}

@incollection{lim:2017:hypermatrices,
	year={2017},
	booktitle={Handbook of Linear Algebra},
	editor={Hogben, Leslie},
	edition={2},
	title={Tensors and Hypermatrices},
	publisher={Chapman and Hall},
	author={Lim, Lek-Heng},
}

@inproceedings{bassoy:2018:fast,
	title={Fast Higher-Order Functions for Tensor Calculus with Tensors and Subtensors},
	author={Bassoy, Cem and Schatz, Volker},
	booktitle={International Conference on Computational Science},
	pages={639--652},
	year={2018},
	organization={Springer}
}

@inproceedings{bassoy:2019:ttv,
	title={Design of a high-performance tensor-vector multiplication with BLAS},
	author={Bassoy, Cem},
	booktitle={International Conference on Computational Science},
	pages={32--45},
	year={2019},
	organization={Springer}
}

@inproceedings{bassoy:2024:ttm,
	author = {Ba\c{s}soy, Cem Sava\c{s}},
	title = {Fast and Layout-Oblivious Tensor-Matrix Multiplication with BLAS},
	booktitle={International Conference on Computational Science},
	year = {2024},
	pages = {256--271},
	numpages = {16},
	organization={Springer}
}

@article{goto:2008:gemm,
	author = {Goto, Kazushige and Geijn, Robert A. van de},
	title = {Anatomy of high-performance matrix multiplication},
	year = {2008},
	volume = {34},
	number = {3},
	journal = {ACM Transactions on Mathematical Software (TOMS)},
	articleno = {12},
	numpages = {25},
}


@book{golub:2013:matrix.computations,
	author =       {Golub, Gene H. and Van Loan, Charles F.},
	title =        {{Matrix Computations}},
	edition =      {4},
	publisher =    {JHU Press},
	year =         {2013},
}

@inproceedings{springer:2017:tensor.transposition,
	title={HPTT: a high-performance tensor transposition C++ library},
	author={Springer, Paul and Su, Tong and Bientinesi, Paolo},
	booktitle={Proceedings of the 4th ACM SIGPLAN International Workshop on Libraries, Languages, and Compilers for Array Programming},
	pages={56--62},
	year={2017},
	organization={ACM}
}

@inproceedings{susungi:2017:tensor.optimizations,
	title={Towards compositional and generative tensor optimizations},
	author={Susungi, Adilla and Rink, Norman A and Castrill{\'o}n, Jer{\'o}nimo and Huismann, Immo and Cohen, Albert and Tadonki, Claude and Stiller, J{\"o}rg and Fr{\"o}hlich, Jochen},
	booktitle={ACM SIGPLAN Notices},
	volume={52},
	number={12},
	pages={169--175},
	year={2017},
	organization={ACM}
}

@inproceedings{solomonik:2013:cyclops,
	title={Cyclops tensor framework: Reducing communication and eliminating load imbalance in massively parallel contractions},
	author={Solomonik, Edgar and Matthews, Devin and Hammond, Jeff and Demmel, James},
	booktitle={Parallel \& Distributed Processing (IPDPS), 2013 IEEE 27th International Symposium on},
	pages={813--824},
	year={2013},
	organization={IEEE}
}


@article{bader:2006:algorithm862,
 author = {Bader, Brett W. and Kolda, Tamara G.},
 title = {Algorithm 862: MATLAB tensor classes for fast algorithm prototyping},
 journal = {ACM Trans. Math. Softw.},
 volume = {32},
 issue = {4},
 month = {December},
 year = {2006},
 pages = {635--653},
 publisher = {ACM},
}

@article{van:2015:blis,
	title={BLIS: A framework for rapidly instantiating BLAS functionality},
	author={Van Zee, Field G and Van De Geijn, Robert A},
	journal={ACM Transactions on Mathematical Software (TOMS)},
	volume={41},
	number={3},
	pages={14},
	year={2015},
	publisher={ACM}
}



@article{gareev:2018:high,
	title={High-Performance Generalized Tensor Operations: A Compiler-Oriented Approach},
	author={Gareev, Roman and Grosser, Tobias and Kruse, Michael},
	journal={ACM Transactions on Architecture and Code Optimization (TACO)},
	volume={15},
	number={3},
	pages={34},
	year={2018},
	publisher={ACM}
}


@inproceedings{parikh:2018:learning,
	title={Learning from optimizing matrix-matrix multiplication},
	author={Parikh, Devangi N and Huang, Jianyu and Myers, Margaret E and van de Geijn, Robert A},
	booktitle={2018 IEEE International Parallel and Distributed Processing Symposium Workshops (IPDPSW)},
	pages={332--339},
	year={2018},
	organization={IEEE}
}


@inproceedings{shi:2016:tensor.contraction,
	author={Y. Shi and U. N. Niranjan and A. Anandkumar and C. Cecka},
	booktitle={2016 IEEE 23rd International Conference on High Performance Computing (HiPC)},
	title={Tensor Contractions with Extended BLAS Kernels on CPU and GPU},
	year={2016},
	volume={},
	number={},
	pages={193-202},
	ISSN={},
	month={Dec}
}

@article{matthews:2018:high,
	title={High-performance tensor contraction without transposition},
	author={Matthews, Devin A},
	journal={SIAM Journal on Scientific Computing},
	volume={40},
	number={1},
	pages={C1--C24},
	year={2018},
	publisher={SIAM}
}

@article{kjolstad:2017:tensor,
	title={The tensor algebra compiler},
	author={Kjolstad, Fredrik and Kamil, Shoaib and Chou, Stephen and Lugato, David and Amarasinghe, Saman},
	journal={Proceedings of the ACM on Programming Languages},
	volume={1},
	number={OOPSLA},
	pages={77},
	year={2017},
	publisher={ACM}
}

@article{springer:2018:design,
	title={Design of a High-Performance GEMM-like Tensor--Tensor Multiplication},
	author={Springer, Paul and Bientinesi, Paolo},
	journal={ACM Transactions on Mathematical Software (TOMS)},
	volume={44},
	number={3},
	pages={28},
	year={2018},
	publisher={ACM}
}


@article{dinapoli:2014:towards.efficient.use,
	title = {Towards an efficient use of the BLAS library for multilinear tensor contractions},
	journal = {Applied Mathematics and Computation},
	volume = {235},
	number = "",
	pages = {454 - 468},
	year = {2014},
	author = {Edoardo Di Napoli and Diego Fabregat-Traver and Gregorio Quintana-Ort√≠ and Paolo Bientinesi},
}

@article{lee:2018:fundamental,
	author= {Lee, Namgil and Cichocki, Andrzej},
	title= {Fundamental tensor operations for large-scale data analysis using tensor network formats},
	journal={Multidimensional Systems and Signal Processing},
	year={2018},
	volume={29},
	number={3},
	pages={921--960},
}

@article{papalexakis:2017:tensors,
	title={Tensors for data mining and data fusion: Models, applications, and scalable algorithms},
	author={Papalexakis, Evangelos E and Faloutsos, Christos and Sidiropoulos, Nicholas D},
	journal={ACM Transactions on Intelligent Systems and Technology (TIST)},
	volume={8},
	number={2},
	pages={16},
	year={2017},
	publisher={ACM}
}



@article{kolda:2009:decompositions,
  title={Tensor decompositions and applications},
  author={Kolda, Tamara G and Bader, Brett W},
  journal={SIAM review},
  volume={51},
  number={3},
  pages={455--500},
  year={2009},
  publisher={SIAM}
}

@inproceedings{kolda:2008:datamining,
	author = {Kolda, Tamara G. and Sun, Jimeng},
	title = {Scalable Tensor Decompositions for Multi-aspect Data Mining},
	booktitle = {Proceedings of the 8th IEEE International Conference on Data Mining},
	year = {2008},
	pages = {363--372},
	numpages = {10},
	publisher = {IEEE},
	address = {Washington, DC, USA},
} 


@article{josef:2012:generic,
	author  = {Josef Weinbub and Karl Rupp and Siegfried Selberherr},
	title   = {A Generic Multi-Dimensional Run-Time Data Structure for High-Performance Scientific Computing},
	journal = {Lecture Notes in Engineering and Computer Science},
	volume  = {2198},
	year    = {2012},
	pages   = {1076--1081}	
}

@article{pawlowski:2019:morton.tensor.computations,
	title = {A multi-dimensional Morton-ordered block storage for mode-oblivious tensor computations},
	journal = {Journal of Computational Science},
	publisher={Elsevier},	
	volume = {33},
	pages = {34-44},
	year = {2019},
	author = {Filip Pawlowski and Bora U{\c{c}}ar and Albert-Jan Yzelman},
}

@article{martinez:2022:native.ttv,
	title={A native tensor--vector multiplication algorithm for high performance computing},
	author={Martinez-Ferrer, Pedro J and Yzelman, AN and Beltran, Vicen{\c{c}}},
	journal={IEEE Transactions on Parallel and Distributed Systems},
	volume={33},
	number={12},
	pages={3363--3374},
	year={2022},
	publisher={IEEE}
}


@article{ballard:2020:tuckermpi,
	title = {TuckerMPI: A Parallel C++/MPI Software Package for Large-scale Data Compression via the Tucker Tensor Decomposition},
	author = {Ballard, Grey and Klinvex, Alicia and Kolda, Tamara G.},
	journal = {ACM Transactions on Mathematical Software},
	number = 2,
	volume = 46,
	year = {2020},
	month = {6}
}


